% This file was created with JabRef 2.10.
% Encoding: UTF-8


@InProceedings{Amg15,
  Title                    = {Argumentation-based Ranking Logics},
  Author                   = {Amgoud, Leila and Ben-Naim, Jonathan},
  Booktitle                = {Proceedings of the 2015 International Conference on Autonomous Agents and Multiagent Systems},
  Year                     = {2015},
  Organization             = {International Foundation for Autonomous Agents and Multiagent Systems},
  Pages                    = {1511--1519}
}

@InCollection{Amg13,
  Title                    = {Ranking-based semantics for argumentation frameworks},
  Author                   = {Amgoud, Leila and Ben-Naim, Jonathan},
  Booktitle                = {Scalable Uncertainty Management},
  Publisher                = {Springer},
  Year                     = {2013},
  Pages                    = {134--147}
}

@Article{Am08,
  Title                    = {On bipolarity in argumentation frameworks},
  Author                   = {Amgoud, Leila and Cayrol, Claudette and Lagasquie-Schiex, Marie-Christine and Livet, Pierre},
  Journal                  = {International Journal of Intelligent Systems},
  Year                     = {2008},
  Number                   = {10},
  Pages                    = {1062--1093},
  Volume                   = {23},

  Publisher                = {Wiley Online Library}
}

@Article{Bar11,
  Title                    = {An introduction to argumentation semantics},
  Author                   = {Baroni, Pietro and Caminada, Martin and Giacomin, Massimiliano},
  Journal                  = {The Knowledge Engineering Review},
  Year                     = {2011},
  Number                   = {04},
  Pages                    = {365--410},
  Volume                   = {26},

  Publisher                = {Cambridge Univ Press}
}

@Article{Bar07,
  Title                    = {On principle-based evaluation of extension-based argumentation semantics},
  Author                   = {Baroni, Pietro and Giacomin, Massimiliano},
  Journal                  = {Artificial Intelligence},
  Year                     = {2007},
  Number                   = {10},
  Pages                    = {675--700},
  Volume                   = {171},

  Publisher                = {Elsevier}
}

@Article{Cam07,
  Title                    = {On the evaluation of argumentation formalisms},
  Author                   = {Caminada, Martin and Amgoud, Leila},
  Journal                  = {Artificial Intelligence},
  Year                     = {2007},
  Number                   = {5},
  Pages                    = {286--310},
  Volume                   = {171},

  Publisher                = {Elsevier}
}

@InCollection{CLM05,
  Title                    = {On the acceptability of arguments in bipolar argumentation frameworks},
  Author                   = {Cayrol, Claudette and Lagasquie-Schiex, Marie-Christine},
  Booktitle                = {Symbolic and quantitative approaches to reasoning with uncertainty},
  Publisher                = {Springer},
  Year                     = {2005},
  Pages                    = {378--389}
}

@InCollection{Ch09,
  Title                    = {Empowering recommendation technologies through argumentation},
  Author                   = {Ches{\~n}evar, CarlosIv{\'a}n and Maguitman, Ana Gabriela and Gonz{\'a}lez, Mar{\'\i}a Paula},
  Booktitle                = {Argumentation in artificial intelligence},
  Publisher                = {Springer},
  Year                     = {2009},
  Pages                    = {403--422}
}

@InProceedings{Ch04,
  Title                    = {A first approach to argument-based recommender systems based on defeasible logic programming.},
  Author                   = {Chesnevar, Carlos Iv{\'a}n and Maguitman, Ana Gabriela and Simari, Guillermo Ricardo},
  Booktitle                = {NMR},
  Year                     = {2004},
  Pages                    = {109--117}
}

@Article{Dun95,
  Title                    = {On the acceptability of arguments and its fundamental role in nonmonotonic reasoning, logic programming and n-person games},
  Author                   = {Dung, Phan Minh},
  Journal                  = {Artificial intelligence},
  Year                     = {1995},
  Number                   = {2},
  Pages                    = {321--357},
  Volume                   = {77},

  Publisher                = {Elsevier}
}

@Article{Dunne07,
  Title                    = {Computational properties of argument systems satisfying graph-theoretic constraints},
  Author                   = {Dunne, Paul E},
  Journal                  = {Artificial Intelligence},
  Year                     = {2007},
  Number                   = {10},
  Pages                    = {701--729},
  Volume                   = {171},

  Publisher                = {Elsevier}
}

@Book{EK10,
  Title                    = {Networks, crowds, and markets: Reasoning about a highly connected world},
  Author                   = {Easley, David and Kleinberg, Jon},
  Publisher                = {Cambridge University Press},
  Year                     = {2010}
}

@Article{Gov04,
  Title                    = {Argumentation semantics for defeasible logic},
  Author                   = {Governatori, Guido and Maher, Michael J and Antoniou, Grigoris and Billington, David},
  Journal                  = {Journal of Logic and Computation},
  Year                     = {2004},
  Number                   = {5},
  Pages                    = {675--702},
  Volume                   = {14},

  Publisher                = {Oxford Univ Press}
}

@Book{HC10,
  Title                    = {A social network-based recommender system (SNRS)},
  Author                   = {He, Jianming and Chu, Wesley W},
  Publisher                = {Springer},
  Year                     = {2010}
}

@Article{Hun14,
  Title                    = {Probabilistic argumentation with incomplete information},
  Author                   = {Hunter, Anthony and Thimm, Matthias},
  Journal                  = {Proceedings of ECAI (in press, 2014)},
  Year                     = {2014}
}

@Article{Kun14,
  Title                    = {Applications of structural balance in signed social networks},
  Author                   = {Kunegis, J{\'e}r{\^o}me},
  Journal                  = {arXiv preprint arXiv:1402.6865},
  Year                     = {2014}
}

@InProceedings{Kun10,
  Title                    = {Spectral analysis of signed graphs for clustering, prediction and visualization.},
  Author                   = {Kunegis, J{\'e}r{\^o}me and Schmidt, Stephan and Lommatzsch, Andreas and Lerner, J{\"u}rgen and De Luca, Ernesto William and Albayrak, Sahin},
  Booktitle                = {SDM},
  Year                     = {2010},
  Organization             = {SIAM},
  Pages                    = {559--559},
  Volume                   = {10}
}

@Article{Mod13,
  Title                    = {A general account of argumentation with preferences},
  Author                   = {Modgil, Sanjay and Prakken, Henry},
  Journal                  = {Artificial Intelligence},
  Year                     = {2013},
  Pages                    = {361--397},
  Volume                   = {195},

  Publisher                = {Elsevier}
}

@Article{Rah10,
  Title                    = {Experiments for Assessing Floating Reinstatement in Argument-based Reasoning},
  Author                   = {Rahwan, Iyad and Bonnefon, Jean-Fran{\c{c}}ois and Madakkatel, Mohammed Iqbal and Awan, Ruqiyabi Naz and Abdallah, Sherief},
  Journal                  = {Conference of the Cognitive Science Society},
  Year                     = {2010}
}

@Article{Wu10,
  Title                    = {A labelling-based justification status of arguments},
  Author                   = {Wu, Yining and Caminada, Martin and Podlaszewski, Mikolaj},
  Journal                  = {Studies in Logic},
  Year                     = {2010},
  Number                   = {4},
  Pages                    = {12--29},
  Volume                   = {3}
}


@article{Breu16,
  author = {Breuker, Dominic and Matzner, Martin and Delfmann, Patrick and Becker, JÃ¶rg},
  year = {2016},
  month = {12},
  pages = {2016},
  title = {Comprehensible Predictive Models for Business Processes},
  volume = {40},
  booktitle = {MIS Quarterly}
}

@inproceedings{corea2017detecting,
  title={Detecting Compliance with Business Rules in Ontology-Based Process Modeling},
  author={Corea, Carl and Delfmann, Patrick},
  booktitle={Proceedings of the International Conference on Wirtschaftsinformatik (WI 2017), St. Gallen, Switzerland},
  year={2017}
}

@article{Delfmann2015DMQL,
	author = {Delfmann, Patrick and Breuker, Dominic and Matzner, Martin and Becker, J{\"{o}}rg},
	journal = {Communications of the Association for Information Systems},
	number = {24},
	title = {{Supporting Information Systems Analysis Through Conceptual Model Query – The Diagramed Model Query Language (DMQL)}},
	volume = {37},
	pages = {473-509},
	year = {2015a}
}
@article{delfmann2015GMQL,
  title={The Generic Model Query Language GMQL – Conceptual Specification, Implementation, and Runtime Evaluation},
  author={Delfmann, Patrick and Steinhorst, Matthias and Dietrich, Hanns-Alexander and Becker, J{\"o}rg},
  journal={Information Systems},
  volume={47},
  pages={129-177},
  year={2015b},
  publisher={Elsevier}
}

@book{prexl2016digitalen,
  title={Mit digitalen Quellen arbeiten: Richtig zitieren aus Datenbanken, E-Books, YouTube und Co.},
  author={Prexl, L.},
  isbn={9783825247027},
  year={2016},
  publisher={UTB GmbH}
}
